@online{nvidia-installation-guide,
  title = {NVIDIA CUDA Toolkit Installation Guide},
  author = {{NVIDIA Corporation}},
  year = {2022},
  url = {https://docs.nvidia.com/cuda/cuda-installation-guide-linux/index.html},
  urldate = {2022-05-25},
  organization = {{NVIDIA Corporation}},
  note = {Consultato il 25 maggio 2022}
}